%% This BibTeX bibliography file was created using BibDesk.
%% https://bibdesk.sourceforge.io/

%% Created for Chris at 2021-06-07 15:38:13 -0400 


%% Saved with string encoding Unicode (UTF-8) 



@article{canida2017openebgm,
	Author = {Canida, Travis and Ihrie, John},
	Date-Added = {2021-06-07 15:36:36 -0400},
	Date-Modified = {2021-06-07 15:36:36 -0400},
	Journal = {R J.},
	Number = {2},
	Pages = {499},
	Title = {openEBGM: An R Implementation of the Gamma-Poisson Shrinker Data Mining Model.},
	Volume = {9},
	Year = {2017}}

@article{dumouchel1999bayesian,
	Author = {DuMouchel, William},
	Date-Added = {2021-06-07 12:33:42 -0400},
	Date-Modified = {2021-06-07 12:33:42 -0400},
	Journal = {The American Statistician},
	Number = {3},
	Pages = {177--190},
	Publisher = {Taylor \& Francis Group},
	Title = {Bayesian data mining in large frequency tables, with an application to the FDA spontaneous reporting system},
	Volume = {53},
	Year = {1999}}

@article{almenoff2003disproportionality,
	Author = {Almenoff, June S and DuMouchel, William and Kindman, L Allen and Yang, Xionghu and Fram, David},
	Date-Added = {2021-06-07 12:33:16 -0400},
	Date-Modified = {2021-06-07 12:33:16 -0400},
	Journal = {Pharmacoepidemiology and Drug Safety},
	Number = {6},
	Pages = {517--521},
	Publisher = {Wiley Online Library},
	Title = {Disproportionality analysis using empirical Bayes data mining: a tool for the evaluation of drug interactions in the post-marketing setting},
	Volume = {12},
	Year = {2003}}

@inproceedings{harpaz2013empirical,
	Author = {Harpaz, Rave and DuMouchel, William and LePendu, Paea and Shah, Nigam H},
	Booktitle = {Proceedings of the 19th ACM SIGKDD international conference on Knowledge discovery and data mining},
	Date-Added = {2021-06-07 12:32:59 -0400},
	Date-Modified = {2021-06-07 12:32:59 -0400},
	Pages = {1339--1347},
	Title = {Empirical Bayes model to combine signals of adverse drug reactions},
	Year = {2013}}

@article{lee2020safety,
	Author = {Lee, Hyesung and Kim, Ju Hwan and Choe, Young June and Shin, Ju-Young},
	Date-Added = {2021-06-07 12:32:43 -0400},
	Date-Modified = {2021-06-07 12:32:43 -0400},
	Journal = {Vaccines},
	Number = {2},
	Pages = {242},
	Publisher = {Multidisciplinary Digital Publishing Institute},
	Title = {Safety Surveillance of Pneumococcal Vaccine Using Three Algorithms: Disproportionality Methods, Empirical Bayes Geometric Mean, and Tree-Based Scan Statistic},
	Volume = {8},
	Year = {2020}}

@article{moore2003biases,
	Author = {Moore, Nicholas and Hall, Gillian and Sturkenboom, Miriam and Mann, Ron and Lagnaoui, Rajaa and Begaud, Bernard},
	Date-Added = {2021-06-07 12:21:53 -0400},
	Date-Modified = {2021-06-07 12:21:53 -0400},
	Journal = {Pharmacoepidemiology and drug safety},
	Number = {4},
	Pages = {271--281},
	Publisher = {Wiley Online Library},
	Title = {Biases affecting the proportional reporting ratio (PRR) in spontaneous reports pharmacovigilance databases: the example of sertindole},
	Volume = {12},
	Year = {2003}}

@article{evans2001use,
	Author = {Evans, Stephen JW and Waller, Patrick C and Davis, S},
	Date-Added = {2021-06-07 12:21:40 -0400},
	Date-Modified = {2021-06-07 12:21:40 -0400},
	Journal = {Pharmacoepidemiology and drug safety},
	Number = {6},
	Pages = {483--486},
	Publisher = {Wiley Online Library},
	Title = {Use of proportional reporting ratios (PRRs) for signal generation from spontaneous adverse drug reaction reports},
	Volume = {10},
	Year = {2001}}

@article{wickham2012reshape2,
	Author = {Wickham, Hadley},
	Date-Added = {2021-06-07 11:59:59 -0400},
	Date-Modified = {2021-06-07 11:59:59 -0400},
	Journal = {R package version},
	Number = {2},
	Title = {reshape2: Flexibly reshape data: a reboot of the reshape package},
	Volume = {1},
	Year = {2012}}

@manual{rstats,
	Address = {Vienna, Austria},
	Author = {{R Core Team}},
	Date-Added = {2021-06-07 10:57:00 -0400},
	Date-Modified = {2021-06-07 10:58:13 -0400},
	Organization = {R Foundation for Statistical Computing},
	Title = {R: A Language and Environment for Statistical Computing},
	Year = {2021}}

@article{singleton1999overview,
	Author = {Singleton, James A and Lloyd, Jenifer C and Mootrey, Gina T and Salive, Marcel E and Chen, Robert T and Ellenberg, Susan and Rastogi, Suresh and Krueger, Carol and Braun, Miles and Wise, Robert and others},
	Date-Added = {2021-06-07 10:50:31 -0400},
	Date-Modified = {2021-06-07 10:50:31 -0400},
	Journal = {Vaccine},
	Number = {22},
	Pages = {2908--2917},
	Publisher = {Elsevier},
	Title = {An overview of the vaccine adverse event reporting system (VAERS) as a surveillance system},
	Volume = {17},
	Year = {1999}}

@article{chen1994vaccine,
	Author = {Chen, Robert T and Rastogi, Suresh C and Mullen, John R and Hayes, Scott W and Cochi, Stephen L and Donlon, Jerome A and Wassilak, Steven G},
	Date-Added = {2021-06-07 10:50:17 -0400},
	Date-Modified = {2021-06-07 10:50:17 -0400},
	Journal = {Vaccine},
	Number = {6},
	Pages = {542--550},
	Publisher = {Elsevier},
	Title = {The vaccine adverse event reporting system (VAERS)},
	Volume = {12},
	Year = {1994}}

@article{shimabukuro2015safety,
	Author = {Shimabukuro, Tom T and Nguyen, Michael and Martin, David and DeStefano, Frank},
	Date-Added = {2021-06-07 10:50:07 -0400},
	Date-Modified = {2021-06-07 10:50:07 -0400},
	Journal = {Vaccine},
	Number = {36},
	Pages = {4398--4405},
	Publisher = {Elsevier},
	Title = {Safety monitoring in the vaccine adverse event reporting system (VAERS)},
	Volume = {33},
	Year = {2015}}
